%YAML 1.1
%TAG !u! tag:unity3d.com,2011:
--- !u!29 &1
OcclusionCullingSettings:
  m_ObjectHideFlags: 0
  serializedVersion: 2
  m_OcclusionBakeSettings:
    smallestOccluder: 5
    smallestHole: 0.25
    backfaceThreshold: 100
  m_SceneGUID: 00000000000000000000000000000000
  m_OcclusionCullingData: {fileID: 0}
--- !u!104 &2
RenderSettings:
  m_ObjectHideFlags: 0
  serializedVersion: 9
  m_Fog: 0
  m_FogColor: {r: 0.5, g: 0.5, b: 0.5, a: 1}
  m_FogMode: 3
  m_FogDensity: 0.01
  m_LinearFogStart: 0
  m_LinearFogEnd: 300
  m_AmbientSkyColor: {r: 0.212, g: 0.227, b: 0.259, a: 1}
  m_AmbientEquatorColor: {r: 0.114, g: 0.125, b: 0.133, a: 1}
  m_AmbientGroundColor: {r: 0.047, g: 0.043, b: 0.035, a: 1}
  m_AmbientIntensity: 1
  m_AmbientMode: 0
  m_SubtractiveShadowColor: {r: 0.42, g: 0.478, b: 0.627, a: 1}
  m_SkyboxMaterial: {fileID: 10304, guid: 0000000000000000f000000000000000, type: 0}
  m_HaloStrength: 0.5
  m_FlareStrength: 1
  m_FlareFadeSpeed: 3
  m_HaloTexture: {fileID: 0}
  m_SpotCookie: {fileID: 10001, guid: 0000000000000000e000000000000000, type: 0}
  m_DefaultReflectionMode: 0
  m_DefaultReflectionResolution: 128
  m_ReflectionBounces: 1
  m_ReflectionIntensity: 1
  m_CustomReflection: {fileID: 0}
  m_Sun: {fileID: 0}
  m_IndirectSpecularColor: {r: 0.44971228, g: 0.49977815, b: 0.57563734, a: 1}
  m_UseRadianceAmbientProbe: 0
--- !u!157 &3
LightmapSettings:
  m_ObjectHideFlags: 0
  serializedVersion: 11
  m_GIWorkflowMode: 0
  m_GISettings:
    serializedVersion: 2
    m_BounceScale: 1
    m_IndirectOutputScale: 1
    m_AlbedoBoost: 1
    m_EnvironmentLightingMode: 0
    m_EnableBakedLightmaps: 1
    m_EnableRealtimeLightmaps: 1
  m_LightmapEditorSettings:
    serializedVersion: 10
    m_Resolution: 2
    m_BakeResolution: 40
    m_AtlasSize: 1024
    m_AO: 0
    m_AOMaxDistance: 1
    m_CompAOExponent: 1
    m_CompAOExponentDirect: 0
    m_Padding: 2
    m_LightmapParameters: {fileID: 0}
    m_LightmapsBakeMode: 1
    m_TextureCompression: 1
    m_FinalGather: 0
    m_FinalGatherFiltering: 1
    m_FinalGatherRayCount: 256
    m_ReflectionCompression: 2
    m_MixedBakeMode: 2
    m_BakeBackend: 0
    m_PVRSampling: 1
    m_PVRDirectSampleCount: 32
    m_PVRSampleCount: 500
    m_PVRBounces: 2
    m_PVRFilterTypeDirect: 0
    m_PVRFilterTypeIndirect: 0
    m_PVRFilterTypeAO: 0
    m_PVRFilteringMode: 1
    m_PVRCulling: 1
    m_PVRFilteringGaussRadiusDirect: 1
    m_PVRFilteringGaussRadiusIndirect: 5
    m_PVRFilteringGaussRadiusAO: 2
    m_PVRFilteringAtrousPositionSigmaDirect: 0.5
    m_PVRFilteringAtrousPositionSigmaIndirect: 2
    m_PVRFilteringAtrousPositionSigmaAO: 1
    m_ShowResolutionOverlay: 1
  m_LightingDataAsset: {fileID: 0}
  m_UseShadowmask: 1
--- !u!196 &4
NavMeshSettings:
  serializedVersion: 2
  m_ObjectHideFlags: 0
  m_BuildSettings:
    serializedVersion: 2
    agentTypeID: 0
    agentRadius: 0.5
    agentHeight: 2
    agentSlope: 45
    agentClimb: 0.4
    ledgeDropHeight: 0
    maxJumpAcrossDistance: 0
    minRegionArea: 2
    manualCellSize: 0
    cellSize: 0.16666667
    manualTileSize: 0
    tileSize: 256
    accuratePlacement: 0
    debug:
      m_Flags: 0
  m_NavMeshData: {fileID: 0}
--- !u!114 &24346729 stripped
MonoBehaviour:
  m_CorrespondingSourceObject: {fileID: 1657445543560447032, guid: d8ff5dc392fd6fb4eb5b19be8f446b75,
    type: 3}
  m_PrefabInstance: {fileID: 1657445543569917009}
  m_PrefabAsset: {fileID: 0}
  m_GameObject: {fileID: 0}
  m_Enabled: 1
  m_EditorHideFlags: 0
  m_Script: {fileID: 11500000, guid: 952c578cfa4f7654e80e7a58bd4d5130, type: 3}
  m_Name: 
  m_EditorClassIdentifier: 
--- !u!1001 &152119872
PrefabInstance:
  m_ObjectHideFlags: 0
  serializedVersion: 2
  m_Modification:
    m_TransformParent: {fileID: 1931882901}
    m_Modifications:
    - target: {fileID: 1537121661968964, guid: 5889392e3f05b448a8a06c5def6c2dec, type: 3}
      propertyPath: m_Name
      value: Directional_Light
      objectReference: {fileID: 0}
    - target: {fileID: 1537121661968964, guid: 5889392e3f05b448a8a06c5def6c2dec, type: 3}
      propertyPath: m_IsActive
      value: 1
      objectReference: {fileID: 0}
    - target: {fileID: 4943719350691982, guid: 5889392e3f05b448a8a06c5def6c2dec, type: 3}
      propertyPath: m_LocalPosition.x
      value: 106.38621
      objectReference: {fileID: 0}
    - target: {fileID: 4943719350691982, guid: 5889392e3f05b448a8a06c5def6c2dec, type: 3}
      propertyPath: m_LocalPosition.y
      value: 38.840767
      objectReference: {fileID: 0}
    - target: {fileID: 4943719350691982, guid: 5889392e3f05b448a8a06c5def6c2dec, type: 3}
      propertyPath: m_LocalPosition.z
      value: 34.72934
      objectReference: {fileID: 0}
    - target: {fileID: 4943719350691982, guid: 5889392e3f05b448a8a06c5def6c2dec, type: 3}
      propertyPath: m_LocalRotation.x
      value: 0.31598538
      objectReference: {fileID: 0}
    - target: {fileID: 4943719350691982, guid: 5889392e3f05b448a8a06c5def6c2dec, type: 3}
      propertyPath: m_LocalRotation.y
      value: -0.3596048
      objectReference: {fileID: 0}
    - target: {fileID: 4943719350691982, guid: 5889392e3f05b448a8a06c5def6c2dec, type: 3}
      propertyPath: m_LocalRotation.z
      value: 0.13088542
      objectReference: {fileID: 0}
    - target: {fileID: 4943719350691982, guid: 5889392e3f05b448a8a06c5def6c2dec, type: 3}
      propertyPath: m_LocalRotation.w
      value: 0.8681629
      objectReference: {fileID: 0}
    - target: {fileID: 4943719350691982, guid: 5889392e3f05b448a8a06c5def6c2dec, type: 3}
      propertyPath: m_RootOrder
      value: 0
      objectReference: {fileID: 0}
    - target: {fileID: 4943719350691982, guid: 5889392e3f05b448a8a06c5def6c2dec, type: 3}
      propertyPath: m_LocalEulerAnglesHint.x
      value: 40
      objectReference: {fileID: 0}
    - target: {fileID: 4943719350691982, guid: 5889392e3f05b448a8a06c5def6c2dec, type: 3}
      propertyPath: m_LocalEulerAnglesHint.y
      value: -45
      objectReference: {fileID: 0}
    - target: {fileID: 4943719350691982, guid: 5889392e3f05b448a8a06c5def6c2dec, type: 3}
      propertyPath: m_LocalEulerAnglesHint.z
      value: 0
      objectReference: {fileID: 0}
    - target: {fileID: 108227806558212132, guid: 5889392e3f05b448a8a06c5def6c2dec,
        type: 3}
      propertyPath: m_Color.r
      value: 1
      objectReference: {fileID: 0}
    - target: {fileID: 108227806558212132, guid: 5889392e3f05b448a8a06c5def6c2dec,
        type: 3}
      propertyPath: m_Color.g
      value: 0.89434814
      objectReference: {fileID: 0}
    - target: {fileID: 108227806558212132, guid: 5889392e3f05b448a8a06c5def6c2dec,
        type: 3}
      propertyPath: m_Color.b
      value: 0.5707547
      objectReference: {fileID: 0}
    m_RemovedComponents: []
  m_SourcePrefab: {fileID: 100100000, guid: 5889392e3f05b448a8a06c5def6c2dec, type: 3}
--- !u!1001 &164558344
PrefabInstance:
  m_ObjectHideFlags: 0
  serializedVersion: 2
  m_Modification:
    m_TransformParent: {fileID: 1643338373}
    m_Modifications:
    - target: {fileID: 6455302357396129625, guid: c5a0eaadb0b769f4483dd0da106e4f05,
        type: 3}
      propertyPath: m_Name
      value: RedPlayer
      objectReference: {fileID: 0}
    - target: {fileID: 6455302357396129621, guid: c5a0eaadb0b769f4483dd0da106e4f05,
        type: 3}
      propertyPath: m_LocalPosition.x
      value: 0
      objectReference: {fileID: 0}
    - target: {fileID: 6455302357396129621, guid: c5a0eaadb0b769f4483dd0da106e4f05,
        type: 3}
      propertyPath: m_LocalPosition.y
      value: 0.5
      objectReference: {fileID: 0}
    - target: {fileID: 6455302357396129621, guid: c5a0eaadb0b769f4483dd0da106e4f05,
        type: 3}
      propertyPath: m_LocalPosition.z
      value: -12
      objectReference: {fileID: 0}
    - target: {fileID: 6455302357396129621, guid: c5a0eaadb0b769f4483dd0da106e4f05,
        type: 3}
      propertyPath: m_LocalRotation.x
      value: -0
      objectReference: {fileID: 0}
    - target: {fileID: 6455302357396129621, guid: c5a0eaadb0b769f4483dd0da106e4f05,
        type: 3}
      propertyPath: m_LocalRotation.y
      value: -0
      objectReference: {fileID: 0}
    - target: {fileID: 6455302357396129621, guid: c5a0eaadb0b769f4483dd0da106e4f05,
        type: 3}
      propertyPath: m_LocalRotation.z
      value: -0
      objectReference: {fileID: 0}
    - target: {fileID: 6455302357396129621, guid: c5a0eaadb0b769f4483dd0da106e4f05,
        type: 3}
      propertyPath: m_LocalRotation.w
      value: 1
      objectReference: {fileID: 0}
    - target: {fileID: 6455302357396129621, guid: c5a0eaadb0b769f4483dd0da106e4f05,
        type: 3}
      propertyPath: m_RootOrder
      value: 0
      objectReference: {fileID: 0}
    - target: {fileID: 6455302357396129621, guid: c5a0eaadb0b769f4483dd0da106e4f05,
        type: 3}
      propertyPath: m_LocalEulerAnglesHint.x
      value: 0
      objectReference: {fileID: 0}
    - target: {fileID: 6455302357396129621, guid: c5a0eaadb0b769f4483dd0da106e4f05,
        type: 3}
      propertyPath: m_LocalEulerAnglesHint.y
      value: 0
      objectReference: {fileID: 0}
    - target: {fileID: 6455302357396129621, guid: c5a0eaadb0b769f4483dd0da106e4f05,
        type: 3}
      propertyPath: m_LocalEulerAnglesHint.z
      value: 0
      objectReference: {fileID: 0}
    - target: {fileID: 1992666894575787233, guid: c5a0eaadb0b769f4483dd0da106e4f05,
        type: 3}
      propertyPath: speed
      value: 0.85
      objectReference: {fileID: 0}
    m_RemovedComponents: []
  m_SourcePrefab: {fileID: 100100000, guid: c5a0eaadb0b769f4483dd0da106e4f05, type: 3}
--- !u!114 &164558345 stripped
MonoBehaviour:
  m_CorrespondingSourceObject: {fileID: 1992666894575787233, guid: c5a0eaadb0b769f4483dd0da106e4f05,
    type: 3}
  m_PrefabInstance: {fileID: 164558344}
  m_PrefabAsset: {fileID: 0}
  m_GameObject: {fileID: 0}
  m_Enabled: 1
  m_EditorHideFlags: 0
  m_Script: {fileID: 11500000, guid: 6bd4b656e393c95419183f0ff487bb66, type: 3}
  m_Name: 
  m_EditorClassIdentifier: 
--- !u!4 &247663881 stripped
Transform:
  m_CorrespondingSourceObject: {fileID: 4943719350691982, guid: 5889392e3f05b448a8a06c5def6c2dec,
    type: 3}
  m_PrefabInstance: {fileID: 152119872}
  m_PrefabAsset: {fileID: 0}
--- !u!1001 &331195259
PrefabInstance:
  m_ObjectHideFlags: 0
  serializedVersion: 2
  m_Modification:
    m_TransformParent: {fileID: 981502806}
    m_Modifications:
    - target: {fileID: 1537641056927260, guid: 3ce107b4a79bc4eef83afde434932a68, type: 3}
      propertyPath: m_Name
      value: ScoreCanvas
      objectReference: {fileID: 0}
    - target: {fileID: 224194346362733190, guid: 3ce107b4a79bc4eef83afde434932a68,
        type: 3}
      propertyPath: m_LocalPosition.x
      value: 0
      objectReference: {fileID: 0}
    - target: {fileID: 224194346362733190, guid: 3ce107b4a79bc4eef83afde434932a68,
        type: 3}
      propertyPath: m_LocalPosition.y
      value: 0
      objectReference: {fileID: 0}
    - target: {fileID: 224194346362733190, guid: 3ce107b4a79bc4eef83afde434932a68,
        type: 3}
      propertyPath: m_LocalPosition.z
      value: 0
      objectReference: {fileID: 0}
    - target: {fileID: 224194346362733190, guid: 3ce107b4a79bc4eef83afde434932a68,
        type: 3}
      propertyPath: m_LocalRotation.x
      value: 0
      objectReference: {fileID: 0}
    - target: {fileID: 224194346362733190, guid: 3ce107b4a79bc4eef83afde434932a68,
        type: 3}
      propertyPath: m_LocalRotation.y
      value: 0
      objectReference: {fileID: 0}
    - target: {fileID: 224194346362733190, guid: 3ce107b4a79bc4eef83afde434932a68,
        type: 3}
      propertyPath: m_LocalRotation.z
      value: 0
      objectReference: {fileID: 0}
    - target: {fileID: 224194346362733190, guid: 3ce107b4a79bc4eef83afde434932a68,
        type: 3}
      propertyPath: m_LocalRotation.w
      value: 1
      objectReference: {fileID: 0}
    - target: {fileID: 224194346362733190, guid: 3ce107b4a79bc4eef83afde434932a68,
        type: 3}
      propertyPath: m_RootOrder
      value: 0
      objectReference: {fileID: 0}
    - target: {fileID: 224194346362733190, guid: 3ce107b4a79bc4eef83afde434932a68,
        type: 3}
      propertyPath: m_LocalEulerAnglesHint.x
      value: 0
      objectReference: {fileID: 0}
    - target: {fileID: 224194346362733190, guid: 3ce107b4a79bc4eef83afde434932a68,
        type: 3}
      propertyPath: m_LocalEulerAnglesHint.y
      value: 0
      objectReference: {fileID: 0}
    - target: {fileID: 224194346362733190, guid: 3ce107b4a79bc4eef83afde434932a68,
        type: 3}
      propertyPath: m_LocalEulerAnglesHint.z
      value: 0
      objectReference: {fileID: 0}
    - target: {fileID: 224194346362733190, guid: 3ce107b4a79bc4eef83afde434932a68,
        type: 3}
      propertyPath: m_AnchoredPosition.x
      value: 0
      objectReference: {fileID: 0}
    - target: {fileID: 224194346362733190, guid: 3ce107b4a79bc4eef83afde434932a68,
        type: 3}
      propertyPath: m_AnchoredPosition.y
      value: 0
      objectReference: {fileID: 0}
    - target: {fileID: 224194346362733190, guid: 3ce107b4a79bc4eef83afde434932a68,
        type: 3}
      propertyPath: m_SizeDelta.x
      value: 0
      objectReference: {fileID: 0}
    - target: {fileID: 224194346362733190, guid: 3ce107b4a79bc4eef83afde434932a68,
        type: 3}
      propertyPath: m_SizeDelta.y
      value: 0
      objectReference: {fileID: 0}
    - target: {fileID: 224194346362733190, guid: 3ce107b4a79bc4eef83afde434932a68,
        type: 3}
      propertyPath: m_AnchorMin.x
      value: 0
      objectReference: {fileID: 0}
    - target: {fileID: 224194346362733190, guid: 3ce107b4a79bc4eef83afde434932a68,
        type: 3}
      propertyPath: m_AnchorMin.y
      value: 0
      objectReference: {fileID: 0}
    - target: {fileID: 224194346362733190, guid: 3ce107b4a79bc4eef83afde434932a68,
        type: 3}
      propertyPath: m_AnchorMax.x
      value: 0
      objectReference: {fileID: 0}
    - target: {fileID: 224194346362733190, guid: 3ce107b4a79bc4eef83afde434932a68,
        type: 3}
      propertyPath: m_AnchorMax.y
      value: 0
      objectReference: {fileID: 0}
    - target: {fileID: 224194346362733190, guid: 3ce107b4a79bc4eef83afde434932a68,
        type: 3}
      propertyPath: m_Pivot.x
      value: 0
      objectReference: {fileID: 0}
    - target: {fileID: 224194346362733190, guid: 3ce107b4a79bc4eef83afde434932a68,
        type: 3}
      propertyPath: m_Pivot.y
      value: 0
      objectReference: {fileID: 0}
    m_RemovedComponents: []
  m_SourcePrefab: {fileID: 100100000, guid: 3ce107b4a79bc4eef83afde434932a68, type: 3}
--- !u!114 &331195260 stripped
MonoBehaviour:
  m_CorrespondingSourceObject: {fileID: 2686255010415250877, guid: 3ce107b4a79bc4eef83afde434932a68,
    type: 3}
  m_PrefabInstance: {fileID: 331195259}
  m_PrefabAsset: {fileID: 0}
  m_GameObject: {fileID: 0}
  m_Enabled: 1
  m_EditorHideFlags: 0
  m_Script: {fileID: 11500000, guid: 753e4e56df821634cb9c26f25b455b14, type: 3}
  m_Name: 
  m_EditorClassIdentifier: 
--- !u!1001 &337109454
PrefabInstance:
  m_ObjectHideFlags: 0
  serializedVersion: 2
  m_Modification:
    m_TransformParent: {fileID: 0}
    m_Modifications:
    - target: {fileID: 7062310657265825725, guid: a041aec3189c46f4b91e55798ef9e2c6,
        type: 3}
      propertyPath: m_Name
      value: PerspectiveCamera
      objectReference: {fileID: 0}
    - target: {fileID: 7062310657265825720, guid: a041aec3189c46f4b91e55798ef9e2c6,
        type: 3}
      propertyPath: m_LocalPosition.x
      value: 7.45
      objectReference: {fileID: 0}
    - target: {fileID: 7062310657265825720, guid: a041aec3189c46f4b91e55798ef9e2c6,
        type: 3}
      propertyPath: m_LocalPosition.y
      value: 16.5
      objectReference: {fileID: 0}
    - target: {fileID: 7062310657265825720, guid: a041aec3189c46f4b91e55798ef9e2c6,
        type: 3}
      propertyPath: m_LocalPosition.z
      value: -7.2
      objectReference: {fileID: 0}
    - target: {fileID: 7062310657265825720, guid: a041aec3189c46f4b91e55798ef9e2c6,
        type: 3}
      propertyPath: m_LocalRotation.x
      value: 0.45689395
      objectReference: {fileID: 0}
    - target: {fileID: 7062310657265825720, guid: a041aec3189c46f4b91e55798ef9e2c6,
        type: 3}
      propertyPath: m_LocalRotation.y
      value: -0.4438043
      objectReference: {fileID: 0}
    - target: {fileID: 7062310657265825720, guid: a041aec3189c46f4b91e55798ef9e2c6,
        type: 3}
      propertyPath: m_LocalRotation.z
      value: 0.28273448
      objectReference: {fileID: 0}
    - target: {fileID: 7062310657265825720, guid: a041aec3189c46f4b91e55798ef9e2c6,
        type: 3}
      propertyPath: m_LocalRotation.w
      value: 0.71717983
      objectReference: {fileID: 0}
    - target: {fileID: 7062310657265825720, guid: a041aec3189c46f4b91e55798ef9e2c6,
        type: 3}
      propertyPath: m_RootOrder
      value: 4
      objectReference: {fileID: 0}
    - target: {fileID: 7062310657265825720, guid: a041aec3189c46f4b91e55798ef9e2c6,
        type: 3}
      propertyPath: m_LocalEulerAnglesHint.x
      value: 65
      objectReference: {fileID: 0}
    - target: {fileID: 7062310657265825720, guid: a041aec3189c46f4b91e55798ef9e2c6,
        type: 3}
      propertyPath: m_LocalEulerAnglesHint.y
      value: -63.5
      objectReference: {fileID: 0}
    - target: {fileID: 7062310657265825720, guid: a041aec3189c46f4b91e55798ef9e2c6,
        type: 3}
      propertyPath: m_LocalEulerAnglesHint.z
      value: 0
      objectReference: {fileID: 0}
    m_RemovedComponents: []
  m_SourcePrefab: {fileID: 100100000, guid: a041aec3189c46f4b91e55798ef9e2c6, type: 3}
--- !u!4 &576492335 stripped
Transform:
  m_CorrespondingSourceObject: {fileID: 1657445543004510078, guid: d8ff5dc392fd6fb4eb5b19be8f446b75,
    type: 3}
  m_PrefabInstance: {fileID: 1657445543569917009}
  m_PrefabAsset: {fileID: 0}
--- !u!224 &882760731 stripped
RectTransform:
  m_CorrespondingSourceObject: {fileID: 1167357944037183548, guid: 171479c4659154d49ae9b99769b33d8f,
    type: 3}
  m_PrefabInstance: {fileID: 7084487708065344816}
  m_PrefabAsset: {fileID: 0}
--- !u!1 &981502805
GameObject:
  m_ObjectHideFlags: 0
  m_CorrespondingSourceObject: {fileID: 0}
  m_PrefabInstance: {fileID: 0}
  m_PrefabAsset: {fileID: 0}
  serializedVersion: 6
  m_Component:
  - component: {fileID: 981502806}
  m_Layer: 0
  m_Name: CanvasContainer
  m_TagString: Untagged
  m_Icon: {fileID: 0}
  m_NavMeshLayer: 0
  m_StaticEditorFlags: 0
  m_IsActive: 1
--- !u!4 &981502806
Transform:
  m_ObjectHideFlags: 0
  m_CorrespondingSourceObject: {fileID: 0}
  m_PrefabInstance: {fileID: 0}
  m_PrefabAsset: {fileID: 0}
  m_GameObject: {fileID: 981502805}
  m_LocalRotation: {x: 0, y: 0, z: 0, w: 1}
  m_LocalPosition: {x: 0, y: 0, z: 0}
  m_LocalScale: {x: 1, y: 1, z: 1}
  m_Children:
  - {fileID: 1818789914}
  - {fileID: 2074259161}
  - {fileID: 6531119405546952246}
  - {fileID: 882760731}
  m_Father: {fileID: 0}
  m_RootOrder: 5
  m_LocalEulerAnglesHint: {x: 0, y: 0, z: 0}
--- !u!1001 &1037372254
PrefabInstance:
  m_ObjectHideFlags: 0
  serializedVersion: 2
  m_Modification:
    m_TransformParent: {fileID: 1643338373}
    m_Modifications:
    - target: {fileID: 1465412187417959681, guid: 6d1a21244fce8194187092c9a4b21fa4,
        type: 3}
      propertyPath: m_Name
      value: BluePlayer
      objectReference: {fileID: 0}
    - target: {fileID: 1465412187417959693, guid: 6d1a21244fce8194187092c9a4b21fa4,
        type: 3}
      propertyPath: m_LocalPosition.x
      value: 0
      objectReference: {fileID: 0}
    - target: {fileID: 1465412187417959693, guid: 6d1a21244fce8194187092c9a4b21fa4,
        type: 3}
      propertyPath: m_LocalPosition.y
      value: 0.5
      objectReference: {fileID: 0}
    - target: {fileID: 1465412187417959693, guid: 6d1a21244fce8194187092c9a4b21fa4,
        type: 3}
      propertyPath: m_LocalPosition.z
      value: 11
      objectReference: {fileID: 0}
    - target: {fileID: 1465412187417959693, guid: 6d1a21244fce8194187092c9a4b21fa4,
        type: 3}
      propertyPath: m_LocalRotation.x
      value: -0
      objectReference: {fileID: 0}
    - target: {fileID: 1465412187417959693, guid: 6d1a21244fce8194187092c9a4b21fa4,
        type: 3}
      propertyPath: m_LocalRotation.y
      value: -0
      objectReference: {fileID: 0}
    - target: {fileID: 1465412187417959693, guid: 6d1a21244fce8194187092c9a4b21fa4,
        type: 3}
      propertyPath: m_LocalRotation.z
      value: -0
      objectReference: {fileID: 0}
    - target: {fileID: 1465412187417959693, guid: 6d1a21244fce8194187092c9a4b21fa4,
        type: 3}
      propertyPath: m_LocalRotation.w
      value: 1
      objectReference: {fileID: 0}
    - target: {fileID: 1465412187417959693, guid: 6d1a21244fce8194187092c9a4b21fa4,
        type: 3}
      propertyPath: m_RootOrder
      value: 1
      objectReference: {fileID: 0}
    - target: {fileID: 1465412187417959693, guid: 6d1a21244fce8194187092c9a4b21fa4,
        type: 3}
      propertyPath: m_LocalEulerAnglesHint.x
      value: 0
      objectReference: {fileID: 0}
    - target: {fileID: 1465412187417959693, guid: 6d1a21244fce8194187092c9a4b21fa4,
        type: 3}
      propertyPath: m_LocalEulerAnglesHint.y
      value: 0
      objectReference: {fileID: 0}
    - target: {fileID: 1465412187417959693, guid: 6d1a21244fce8194187092c9a4b21fa4,
        type: 3}
      propertyPath: m_LocalEulerAnglesHint.z
      value: 0
      objectReference: {fileID: 0}
    m_RemovedComponents: []
  m_SourcePrefab: {fileID: 100100000, guid: 6d1a21244fce8194187092c9a4b21fa4, type: 3}
--- !u!114 &1056598444 stripped
MonoBehaviour:
  m_CorrespondingSourceObject: {fileID: 6497207248739317454, guid: 65fc1131cb8349247925e6674340760b,
    type: 3}
  m_PrefabInstance: {fileID: 177169993838993609}
  m_PrefabAsset: {fileID: 0}
  m_GameObject: {fileID: 0}
  m_Enabled: 1
  m_EditorHideFlags: 0
  m_Script: {fileID: 11500000, guid: e047ebe6b4be5444f818a4596fc64739, type: 3}
  m_Name: 
  m_EditorClassIdentifier: 
--- !u!4 &1056598445 stripped
Transform:
  m_CorrespondingSourceObject: {fileID: 177169994752260633, guid: 65fc1131cb8349247925e6674340760b,
    type: 3}
  m_PrefabInstance: {fileID: 177169993838993609}
  m_PrefabAsset: {fileID: 0}
--- !u!114 &1058194071 stripped
MonoBehaviour:
  m_CorrespondingSourceObject: {fileID: 4514502377926244339, guid: 6d1a21244fce8194187092c9a4b21fa4,
    type: 3}
  m_PrefabInstance: {fileID: 1037372254}
  m_PrefabAsset: {fileID: 0}
  m_GameObject: {fileID: 0}
  m_Enabled: 1
  m_EditorHideFlags: 0
  m_Script: {fileID: 11500000, guid: 0072d943f01a8924f854a4e43a19354e, type: 3}
  m_Name: 
  m_EditorClassIdentifier: 
--- !u!1 &1066685192
GameObject:
  m_ObjectHideFlags: 0
  m_CorrespondingSourceObject: {fileID: 0}
  m_PrefabInstance: {fileID: 0}
  m_PrefabAsset: {fileID: 0}
  serializedVersion: 6
  m_Component:
  - component: {fileID: 1066685193}
  m_Layer: 0
  m_Name: Managers
  m_TagString: Untagged
  m_Icon: {fileID: 0}
  m_NavMeshLayer: 0
  m_StaticEditorFlags: 0
  m_IsActive: 1
--- !u!4 &1066685193
Transform:
  m_ObjectHideFlags: 0
  m_CorrespondingSourceObject: {fileID: 0}
  m_PrefabInstance: {fileID: 0}
  m_PrefabAsset: {fileID: 0}
  m_GameObject: {fileID: 1066685192}
  m_LocalRotation: {x: 0, y: 0, z: 0, w: 1}
  m_LocalPosition: {x: 0, y: 0, z: 0}
  m_LocalScale: {x: 1, y: 1, z: 1}
  m_Children:
  - {fileID: 576492335}
  m_Father: {fileID: 0}
  m_RootOrder: 2
  m_LocalEulerAnglesHint: {x: 0, y: 0, z: 0}
--- !u!4 &1450392235 stripped
Transform:
  m_CorrespondingSourceObject: {fileID: 6455302357396129621, guid: c5a0eaadb0b769f4483dd0da106e4f05,
    type: 3}
  m_PrefabInstance: {fileID: 164558344}
  m_PrefabAsset: {fileID: 0}
--- !u!1 &1484229007
GameObject:
  m_ObjectHideFlags: 0
  m_CorrespondingSourceObject: {fileID: 0}
  m_PrefabInstance: {fileID: 0}
  m_PrefabAsset: {fileID: 0}
  serializedVersion: 6
  m_Component:
  - component: {fileID: 1484229008}
  - component: {fileID: 1484229009}
  - component: {fileID: 1484229010}
  - component: {fileID: 1484229011}
  m_Layer: 0
  m_Name: InputHandler
  m_TagString: Untagged
  m_Icon: {fileID: 0}
  m_NavMeshLayer: 0
  m_StaticEditorFlags: 0
  m_IsActive: 1
--- !u!4 &1484229008
Transform:
  m_ObjectHideFlags: 0
  m_CorrespondingSourceObject: {fileID: 0}
  m_PrefabInstance: {fileID: 0}
  m_PrefabAsset: {fileID: 0}
  m_GameObject: {fileID: 1484229007}
  m_LocalRotation: {x: 0, y: 0, z: 0, w: 1}
  m_LocalPosition: {x: 0, y: 0, z: 0}
  m_LocalScale: {x: 1, y: 1, z: 1}
  m_Children: []
  m_Father: {fileID: 0}
  m_RootOrder: 6
  m_LocalEulerAnglesHint: {x: 0, y: 0, z: 0}
--- !u!65 &1484229009
BoxCollider:
  m_ObjectHideFlags: 0
  m_CorrespondingSourceObject: {fileID: 0}
  m_PrefabInstance: {fileID: 0}
  m_PrefabAsset: {fileID: 0}
  m_GameObject: {fileID: 1484229007}
  m_Material: {fileID: 0}
  m_IsTrigger: 1
  m_Enabled: 1
  serializedVersion: 2
  m_Size: {x: 20, y: 1, z: 30}
  m_Center: {x: 0, y: 0, z: 0}
--- !u!114 &1484229010
MonoBehaviour:
  m_ObjectHideFlags: 0
  m_CorrespondingSourceObject: {fileID: 0}
  m_PrefabInstance: {fileID: 0}
  m_PrefabAsset: {fileID: 0}
  m_GameObject: {fileID: 1484229007}
  m_Enabled: 1
  m_EditorHideFlags: 0
  m_Script: {fileID: 11500000, guid: c0ee16d4c1a478743955e1a791ec864a, type: 3}
  m_Name: 
  m_EditorClassIdentifier: 
  smoothing: 1
--- !u!114 &1484229011
MonoBehaviour:
  m_ObjectHideFlags: 0
  m_CorrespondingSourceObject: {fileID: 0}
  m_PrefabInstance: {fileID: 0}
  m_PrefabAsset: {fileID: 0}
  m_GameObject: {fileID: 1484229007}
  m_Enabled: 1
  m_EditorHideFlags: 0
  m_Script: {fileID: 11500000, guid: e34f8e21eed50094095302df41264f61, type: 3}
  m_Name: 
  m_EditorClassIdentifier: 
--- !u!1 &1578083074
GameObject:
  m_ObjectHideFlags: 0
  m_CorrespondingSourceObject: {fileID: 0}
  m_PrefabInstance: {fileID: 0}
  m_PrefabAsset: {fileID: 0}
  serializedVersion: 6
  m_Component:
  - component: {fileID: 1578083077}
  - component: {fileID: 1578083076}
  - component: {fileID: 1578083075}
  m_Layer: 0
  m_Name: EventSystem
  m_TagString: Untagged
  m_Icon: {fileID: 0}
  m_NavMeshLayer: 0
  m_StaticEditorFlags: 0
  m_IsActive: 1
--- !u!114 &1578083075
MonoBehaviour:
  m_ObjectHideFlags: 0
  m_CorrespondingSourceObject: {fileID: 0}
  m_PrefabInstance: {fileID: 0}
  m_PrefabAsset: {fileID: 0}
  m_GameObject: {fileID: 1578083074}
  m_Enabled: 1
  m_EditorHideFlags: 0
  m_Script: {fileID: 1077351063, guid: f70555f144d8491a825f0804e09c671c, type: 3}
  m_Name: 
  m_EditorClassIdentifier: 
  m_HorizontalAxis: Horizontal
  m_VerticalAxis: Vertical
  m_SubmitButton: Submit
  m_CancelButton: Cancel
  m_InputActionsPerSecond: 10
  m_RepeatDelay: 0.5
  m_ForceModuleActive: 0
--- !u!114 &1578083076
MonoBehaviour:
  m_ObjectHideFlags: 0
  m_CorrespondingSourceObject: {fileID: 0}
  m_PrefabInstance: {fileID: 0}
  m_PrefabAsset: {fileID: 0}
  m_GameObject: {fileID: 1578083074}
  m_Enabled: 1
  m_EditorHideFlags: 0
  m_Script: {fileID: -619905303, guid: f70555f144d8491a825f0804e09c671c, type: 3}
  m_Name: 
  m_EditorClassIdentifier: 
  m_FirstSelected: {fileID: 0}
  m_sendNavigationEvents: 1
  m_DragThreshold: 10
--- !u!4 &1578083077
Transform:
  m_ObjectHideFlags: 0
  m_CorrespondingSourceObject: {fileID: 0}
  m_PrefabInstance: {fileID: 0}
  m_PrefabAsset: {fileID: 0}
  m_GameObject: {fileID: 1578083074}
  m_LocalRotation: {x: 0, y: 0, z: 0, w: 1}
  m_LocalPosition: {x: 0, y: 0, z: 0}
  m_LocalScale: {x: 1, y: 1, z: 1}
  m_Children: []
  m_Father: {fileID: 0}
  m_RootOrder: 3
  m_LocalEulerAnglesHint: {x: 0, y: 0, z: 0}
--- !u!1 &1643338372
GameObject:
  m_ObjectHideFlags: 0
  m_CorrespondingSourceObject: {fileID: 0}
  m_PrefabInstance: {fileID: 0}
  m_PrefabAsset: {fileID: 0}
  serializedVersion: 6
  m_Component:
  - component: {fileID: 1643338373}
  m_Layer: 0
  m_Name: Players
  m_TagString: Untagged
  m_Icon: {fileID: 0}
  m_NavMeshLayer: 0
  m_StaticEditorFlags: 0
  m_IsActive: 1
--- !u!4 &1643338373
Transform:
  m_ObjectHideFlags: 0
  m_CorrespondingSourceObject: {fileID: 0}
  m_PrefabInstance: {fileID: 0}
  m_PrefabAsset: {fileID: 0}
  m_GameObject: {fileID: 1643338372}
  m_LocalRotation: {x: 0, y: 0, z: 0, w: 1}
  m_LocalPosition: {x: 0, y: 0, z: 0}
  m_LocalScale: {x: 1, y: 1, z: 1}
  m_Children:
  - {fileID: 1450392235}
  - {fileID: 1680953326}
  m_Father: {fileID: 0}
  m_RootOrder: 0
  m_LocalEulerAnglesHint: {x: 0, y: 0, z: 0}
--- !u!4 &1680953326 stripped
Transform:
  m_CorrespondingSourceObject: {fileID: 1465412187417959693, guid: 6d1a21244fce8194187092c9a4b21fa4,
    type: 3}
  m_PrefabInstance: {fileID: 1037372254}
  m_PrefabAsset: {fileID: 0}
--- !u!224 &1818789914 stripped
RectTransform:
  m_CorrespondingSourceObject: {fileID: 224194346362733190, guid: 3ce107b4a79bc4eef83afde434932a68,
    type: 3}
  m_PrefabInstance: {fileID: 331195259}
  m_PrefabAsset: {fileID: 0}
--- !u!1 &1889832828
GameObject:
  m_ObjectHideFlags: 0
  m_CorrespondingSourceObject: {fileID: 0}
  m_PrefabInstance: {fileID: 0}
  m_PrefabAsset: {fileID: 0}
  serializedVersion: 6
  m_Component:
  - component: {fileID: 1889832830}
  - component: {fileID: 1889832829}
  m_Layer: 0
  m_Name: BackgroundMusic
  m_TagString: Untagged
  m_Icon: {fileID: 0}
  m_NavMeshLayer: 0
  m_StaticEditorFlags: 0
  m_IsActive: 1
--- !u!82 &1889832829
AudioSource:
  m_ObjectHideFlags: 0
  m_CorrespondingSourceObject: {fileID: 0}
  m_PrefabInstance: {fileID: 0}
  m_PrefabAsset: {fileID: 0}
  m_GameObject: {fileID: 1889832828}
  m_Enabled: 1
  serializedVersion: 4
  OutputAudioMixerGroup: {fileID: 0}
  m_audioClip: {fileID: 8300000, guid: d8008d86300476443beb1c15470a20b3, type: 3}
  m_PlayOnAwake: 1
  m_Volume: 0.25
  m_Pitch: 1
  Loop: 1
  Mute: 0
  Spatialize: 0
  SpatializePostEffects: 0
  Priority: 128
  DopplerLevel: 1
  MinDistance: 1
  MaxDistance: 500
  Pan2D: 0
  rolloffMode: 0
  BypassEffects: 0
  BypassListenerEffects: 0
  BypassReverbZones: 0
  rolloffCustomCurve:
    serializedVersion: 2
    m_Curve:
    - serializedVersion: 3
      time: 0
      value: 1
      inSlope: 0
      outSlope: 0
      tangentMode: 0
      weightedMode: 0
      inWeight: 0.33333334
      outWeight: 0.33333334
    - serializedVersion: 3
      time: 1
      value: 0
      inSlope: 0
      outSlope: 0
      tangentMode: 0
      weightedMode: 0
      inWeight: 0.33333334
      outWeight: 0.33333334
    m_PreInfinity: 2
    m_PostInfinity: 2
    m_RotationOrder: 4
  panLevelCustomCurve:
    serializedVersion: 2
    m_Curve:
    - serializedVersion: 3
      time: 0
      value: 0
      inSlope: 0
      outSlope: 0
      tangentMode: 0
      weightedMode: 0
      inWeight: 0.33333334
      outWeight: 0.33333334
    m_PreInfinity: 2
    m_PostInfinity: 2
    m_RotationOrder: 4
  spreadCustomCurve:
    serializedVersion: 2
    m_Curve:
    - serializedVersion: 3
      time: 0
      value: 0
      inSlope: 0
      outSlope: 0
      tangentMode: 0
      weightedMode: 0
      inWeight: 0.33333334
      outWeight: 0.33333334
    m_PreInfinity: 2
    m_PostInfinity: 2
    m_RotationOrder: 4
  reverbZoneMixCustomCurve:
    serializedVersion: 2
    m_Curve:
    - serializedVersion: 3
      time: 0
      value: 1
      inSlope: 0
      outSlope: 0
      tangentMode: 0
      weightedMode: 0
      inWeight: 0.33333334
      outWeight: 0.33333334
    m_PreInfinity: 2
    m_PostInfinity: 2
    m_RotationOrder: 4
--- !u!4 &1889832830
Transform:
  m_ObjectHideFlags: 0
  m_CorrespondingSourceObject: {fileID: 0}
  m_PrefabInstance: {fileID: 0}
  m_PrefabAsset: {fileID: 0}
  m_GameObject: {fileID: 1889832828}
  m_LocalRotation: {x: 0, y: 0, z: 0, w: 1}
  m_LocalPosition: {x: 0, y: 0, z: 0}
  m_LocalScale: {x: 1, y: 1, z: 1}
  m_Children: []
  m_Father: {fileID: 0}
  m_RootOrder: 7
  m_LocalEulerAnglesHint: {x: 0, y: 0, z: 0}
--- !u!1 &1931882900
GameObject:
  m_ObjectHideFlags: 0
  m_CorrespondingSourceObject: {fileID: 0}
  m_PrefabInstance: {fileID: 0}
  m_PrefabAsset: {fileID: 0}
  serializedVersion: 6
  m_Component:
  - component: {fileID: 1931882901}
  m_Layer: 0
  m_Name: Props
  m_TagString: Untagged
  m_Icon: {fileID: 0}
  m_NavMeshLayer: 0
  m_StaticEditorFlags: 0
  m_IsActive: 1
--- !u!4 &1931882901
Transform:
  m_ObjectHideFlags: 0
  m_CorrespondingSourceObject: {fileID: 0}
  m_PrefabInstance: {fileID: 0}
  m_PrefabAsset: {fileID: 0}
  m_GameObject: {fileID: 1931882900}
  m_LocalRotation: {x: 0, y: 0, z: 0, w: 1}
  m_LocalPosition: {x: 0, y: 0, z: 0}
  m_LocalScale: {x: 1, y: 1, z: 1}
  m_Children:
  - {fileID: 247663881}
  - {fileID: 1056598445}
  - {fileID: 1982053003}
  m_Father: {fileID: 0}
  m_RootOrder: 1
  m_LocalEulerAnglesHint: {x: 0, y: 0, z: 0}
--- !u!4 &1982053003 stripped
Transform:
  m_CorrespondingSourceObject: {fileID: 1500323034048327990, guid: 5a9be17e29fda1a47bbebac04694dfb5,
    type: 3}
  m_PrefabInstance: {fileID: 1500323034285394877}
  m_PrefabAsset: {fileID: 0}
--- !u!114 &1982053005 stripped
MonoBehaviour:
  m_CorrespondingSourceObject: {fileID: 7982718706268627652, guid: 5a9be17e29fda1a47bbebac04694dfb5,
    type: 3}
  m_PrefabInstance: {fileID: 1500323034285394877}
  m_PrefabAsset: {fileID: 0}
  m_GameObject: {fileID: 0}
  m_Enabled: 1
  m_EditorHideFlags: 0
  m_Script: {fileID: 11500000, guid: 9734992d7617d144293eb0f796fc75ac, type: 3}
  m_Name: 
  m_EditorClassIdentifier: 
--- !u!224 &2074259161 stripped
RectTransform:
  m_CorrespondingSourceObject: {fileID: 6531119405060400552, guid: 8dd6469ce411e7f49b3b311083d5c2ea,
    type: 3}
  m_PrefabInstance: {fileID: 6531119404181850993}
  m_PrefabAsset: {fileID: 0}
--- !u!114 &2074259165 stripped
MonoBehaviour:
  m_CorrespondingSourceObject: {fileID: 6531119405060400556, guid: 8dd6469ce411e7f49b3b311083d5c2ea,
    type: 3}
  m_PrefabInstance: {fileID: 6531119404181850993}
  m_PrefabAsset: {fileID: 0}
  m_GameObject: {fileID: 0}
  m_Enabled: 1
  m_EditorHideFlags: 0
  m_Script: {fileID: 11500000, guid: 4666d477a9f657842927b009c3f83298, type: 3}
  m_Name: 
  m_EditorClassIdentifier: 
--- !u!1001 &177169993838993609
PrefabInstance:
  m_ObjectHideFlags: 0
  serializedVersion: 2
  m_Modification:
    m_TransformParent: {fileID: 1931882901}
    m_Modifications:
    - target: {fileID: 177169994752260614, guid: 65fc1131cb8349247925e6674340760b,
        type: 3}
      propertyPath: m_Name
      value: SoccerFieldContainer
      objectReference: {fileID: 0}
    - target: {fileID: 177169994752260633, guid: 65fc1131cb8349247925e6674340760b,
        type: 3}
      propertyPath: m_LocalPosition.x
      value: 0
      objectReference: {fileID: 0}
    - target: {fileID: 177169994752260633, guid: 65fc1131cb8349247925e6674340760b,
        type: 3}
      propertyPath: m_LocalPosition.y
      value: 0
      objectReference: {fileID: 0}
    - target: {fileID: 177169994752260633, guid: 65fc1131cb8349247925e6674340760b,
        type: 3}
      propertyPath: m_LocalPosition.z
      value: 0
      objectReference: {fileID: 0}
    - target: {fileID: 177169994752260633, guid: 65fc1131cb8349247925e6674340760b,
        type: 3}
      propertyPath: m_LocalRotation.x
      value: -0
      objectReference: {fileID: 0}
    - target: {fileID: 177169994752260633, guid: 65fc1131cb8349247925e6674340760b,
        type: 3}
      propertyPath: m_LocalRotation.y
      value: -0
      objectReference: {fileID: 0}
    - target: {fileID: 177169994752260633, guid: 65fc1131cb8349247925e6674340760b,
        type: 3}
      propertyPath: m_LocalRotation.z
      value: -0
      objectReference: {fileID: 0}
    - target: {fileID: 177169994752260633, guid: 65fc1131cb8349247925e6674340760b,
        type: 3}
      propertyPath: m_LocalRotation.w
      value: 1
      objectReference: {fileID: 0}
    - target: {fileID: 177169994752260633, guid: 65fc1131cb8349247925e6674340760b,
        type: 3}
      propertyPath: m_RootOrder
      value: 1
      objectReference: {fileID: 0}
    - target: {fileID: 177169994752260633, guid: 65fc1131cb8349247925e6674340760b,
        type: 3}
      propertyPath: m_LocalEulerAnglesHint.x
      value: 0
      objectReference: {fileID: 0}
    - target: {fileID: 177169994752260633, guid: 65fc1131cb8349247925e6674340760b,
        type: 3}
      propertyPath: m_LocalEulerAnglesHint.y
      value: 0
      objectReference: {fileID: 0}
    - target: {fileID: 177169994752260633, guid: 65fc1131cb8349247925e6674340760b,
        type: 3}
      propertyPath: m_LocalEulerAnglesHint.z
      value: 0
      objectReference: {fileID: 0}
    m_RemovedComponents: []
  m_SourcePrefab: {fileID: 100100000, guid: 65fc1131cb8349247925e6674340760b, type: 3}
--- !u!1001 &1500323034285394877
PrefabInstance:
  m_ObjectHideFlags: 0
  serializedVersion: 2
  m_Modification:
    m_TransformParent: {fileID: 1931882901}
    m_Modifications:
    - target: {fileID: 1500323034048327992, guid: 5a9be17e29fda1a47bbebac04694dfb5,
        type: 3}
      propertyPath: m_Name
      value: SoccerBall
      objectReference: {fileID: 0}
    - target: {fileID: 1500323034048327990, guid: 5a9be17e29fda1a47bbebac04694dfb5,
        type: 3}
      propertyPath: m_LocalPosition.x
      value: 0
      objectReference: {fileID: 0}
    - target: {fileID: 1500323034048327990, guid: 5a9be17e29fda1a47bbebac04694dfb5,
        type: 3}
      propertyPath: m_LocalPosition.y
      value: 0.5
      objectReference: {fileID: 0}
    - target: {fileID: 1500323034048327990, guid: 5a9be17e29fda1a47bbebac04694dfb5,
        type: 3}
      propertyPath: m_LocalPosition.z
      value: 0
      objectReference: {fileID: 0}
    - target: {fileID: 1500323034048327990, guid: 5a9be17e29fda1a47bbebac04694dfb5,
        type: 3}
      propertyPath: m_LocalRotation.x
      value: -0
      objectReference: {fileID: 0}
    - target: {fileID: 1500323034048327990, guid: 5a9be17e29fda1a47bbebac04694dfb5,
        type: 3}
      propertyPath: m_LocalRotation.y
      value: -0
      objectReference: {fileID: 0}
    - target: {fileID: 1500323034048327990, guid: 5a9be17e29fda1a47bbebac04694dfb5,
        type: 3}
      propertyPath: m_LocalRotation.z
      value: -0
      objectReference: {fileID: 0}
    - target: {fileID: 1500323034048327990, guid: 5a9be17e29fda1a47bbebac04694dfb5,
        type: 3}
      propertyPath: m_LocalRotation.w
      value: 1
      objectReference: {fileID: 0}
    - target: {fileID: 1500323034048327990, guid: 5a9be17e29fda1a47bbebac04694dfb5,
        type: 3}
      propertyPath: m_RootOrder
      value: 2
      objectReference: {fileID: 0}
    - target: {fileID: 1500323034048327990, guid: 5a9be17e29fda1a47bbebac04694dfb5,
        type: 3}
      propertyPath: m_LocalEulerAnglesHint.x
      value: 0
      objectReference: {fileID: 0}
    - target: {fileID: 1500323034048327990, guid: 5a9be17e29fda1a47bbebac04694dfb5,
        type: 3}
      propertyPath: m_LocalEulerAnglesHint.y
      value: 0
      objectReference: {fileID: 0}
    - target: {fileID: 1500323034048327990, guid: 5a9be17e29fda1a47bbebac04694dfb5,
        type: 3}
      propertyPath: m_LocalEulerAnglesHint.z
      value: 0
      objectReference: {fileID: 0}
    - target: {fileID: 1500323034048327990, guid: 5a9be17e29fda1a47bbebac04694dfb5,
        type: 3}
      propertyPath: m_LocalScale.x
      value: 1
      objectReference: {fileID: 0}
    - target: {fileID: 1500323034048327990, guid: 5a9be17e29fda1a47bbebac04694dfb5,
        type: 3}
      propertyPath: m_LocalScale.y
      value: 1
      objectReference: {fileID: 0}
    - target: {fileID: 1500323034048327990, guid: 5a9be17e29fda1a47bbebac04694dfb5,
        type: 3}
      propertyPath: m_LocalScale.z
      value: 1
      objectReference: {fileID: 0}
    - target: {fileID: 1500323034048327994, guid: 5a9be17e29fda1a47bbebac04694dfb5,
        type: 3}
      propertyPath: initialVelocityVector.x
      value: 1
      objectReference: {fileID: 0}
    - target: {fileID: 1500323034048327994, guid: 5a9be17e29fda1a47bbebac04694dfb5,
        type: 3}
      propertyPath: initialVelocityVector.z
      value: -1.5
      objectReference: {fileID: 0}
    - target: {fileID: 1500323034048327994, guid: 5a9be17e29fda1a47bbebac04694dfb5,
        type: 3}
      propertyPath: maxSpeed
      value: 25
      objectReference: {fileID: 0}
    m_RemovedComponents: []
  m_SourcePrefab: {fileID: 100100000, guid: 5a9be17e29fda1a47bbebac04694dfb5, type: 3}
--- !u!1001 &1657445543569917009
PrefabInstance:
  m_ObjectHideFlags: 0
  serializedVersion: 2
  m_Modification:
    m_TransformParent: {fileID: 1066685193}
    m_Modifications:
    - target: {fileID: 1657445543004510076, guid: d8ff5dc392fd6fb4eb5b19be8f446b75,
        type: 3}
      propertyPath: m_Name
      value: SoccerGameManager
      objectReference: {fileID: 0}
    - target: {fileID: 1657445543004510078, guid: d8ff5dc392fd6fb4eb5b19be8f446b75,
        type: 3}
      propertyPath: m_LocalPosition.x
      value: 0
      objectReference: {fileID: 0}
    - target: {fileID: 1657445543004510078, guid: d8ff5dc392fd6fb4eb5b19be8f446b75,
        type: 3}
      propertyPath: m_LocalPosition.y
      value: 0
      objectReference: {fileID: 0}
    - target: {fileID: 1657445543004510078, guid: d8ff5dc392fd6fb4eb5b19be8f446b75,
        type: 3}
      propertyPath: m_LocalPosition.z
      value: 0
      objectReference: {fileID: 0}
    - target: {fileID: 1657445543004510078, guid: d8ff5dc392fd6fb4eb5b19be8f446b75,
        type: 3}
      propertyPath: m_LocalRotation.x
      value: -0
      objectReference: {fileID: 0}
    - target: {fileID: 1657445543004510078, guid: d8ff5dc392fd6fb4eb5b19be8f446b75,
        type: 3}
      propertyPath: m_LocalRotation.y
      value: -0
      objectReference: {fileID: 0}
    - target: {fileID: 1657445543004510078, guid: d8ff5dc392fd6fb4eb5b19be8f446b75,
        type: 3}
      propertyPath: m_LocalRotation.z
      value: -0
      objectReference: {fileID: 0}
    - target: {fileID: 1657445543004510078, guid: d8ff5dc392fd6fb4eb5b19be8f446b75,
        type: 3}
      propertyPath: m_LocalRotation.w
      value: 1
      objectReference: {fileID: 0}
    - target: {fileID: 1657445543004510078, guid: d8ff5dc392fd6fb4eb5b19be8f446b75,
        type: 3}
      propertyPath: m_RootOrder
      value: 0
      objectReference: {fileID: 0}
    - target: {fileID: 1657445543004510078, guid: d8ff5dc392fd6fb4eb5b19be8f446b75,
        type: 3}
      propertyPath: m_LocalEulerAnglesHint.x
      value: 0
      objectReference: {fileID: 0}
    - target: {fileID: 1657445543004510078, guid: d8ff5dc392fd6fb4eb5b19be8f446b75,
        type: 3}
      propertyPath: m_LocalEulerAnglesHint.y
      value: 0
      objectReference: {fileID: 0}
    - target: {fileID: 1657445543004510078, guid: d8ff5dc392fd6fb4eb5b19be8f446b75,
        type: 3}
      propertyPath: m_LocalEulerAnglesHint.z
      value: 0
      objectReference: {fileID: 0}
    - target: {fileID: 1657445543004510079, guid: d8ff5dc392fd6fb4eb5b19be8f446b75,
        type: 3}
      propertyPath: bluePlayer
      value: 
      objectReference: {fileID: 1058194071}
    - target: {fileID: 1657445543004510079, guid: d8ff5dc392fd6fb4eb5b19be8f446b75,
        type: 3}
      propertyPath: redPlayer
      value: 
      objectReference: {fileID: 164558345}
    - target: {fileID: 1657445543004510079, guid: d8ff5dc392fd6fb4eb5b19be8f446b75,
        type: 3}
      propertyPath: scoreManager
      value: 
      objectReference: {fileID: 24346729}
    - target: {fileID: 1657445543004510079, guid: d8ff5dc392fd6fb4eb5b19be8f446b75,
        type: 3}
      propertyPath: soccerField
      value: 
      objectReference: {fileID: 1056598444}
    - target: {fileID: 1657445543004510079, guid: d8ff5dc392fd6fb4eb5b19be8f446b75,
        type: 3}
      propertyPath: ball
      value: 
      objectReference: {fileID: 1982053005}
    - target: {fileID: 1657445543004510079, guid: d8ff5dc392fd6fb4eb5b19be8f446b75,
        type: 3}
      propertyPath: scoreBoardView
      value: 
      objectReference: {fileID: 331195260}
    - target: {fileID: 1657445543004510079, guid: d8ff5dc392fd6fb4eb5b19be8f446b75,
        type: 3}
      propertyPath: gameManagerView
      value: 
      objectReference: {fileID: 7084487708065344817}
    - target: {fileID: 1657445543004510079, guid: d8ff5dc392fd6fb4eb5b19be8f446b75,
        type: 3}
      propertyPath: timerView
      value: 
      objectReference: {fileID: 2074259165}
    - target: {fileID: 1657445543004510079, guid: d8ff5dc392fd6fb4eb5b19be8f446b75,
        type: 3}
      propertyPath: timer
      value: 
      objectReference: {fileID: 1657445543569917010}
    - target: {fileID: 1657445543004510079, guid: d8ff5dc392fd6fb4eb5b19be8f446b75,
        type: 3}
      propertyPath: inGameMessageView
      value: 
      objectReference: {fileID: 6531119405546952249}
    m_RemovedComponents: []
  m_SourcePrefab: {fileID: 100100000, guid: d8ff5dc392fd6fb4eb5b19be8f446b75, type: 3}
--- !u!114 &1657445543569917010 stripped
MonoBehaviour:
  m_CorrespondingSourceObject: {fileID: 8980230071471441412, guid: d8ff5dc392fd6fb4eb5b19be8f446b75,
    type: 3}
  m_PrefabInstance: {fileID: 1657445543569917009}
  m_PrefabAsset: {fileID: 0}
  m_GameObject: {fileID: 0}
  m_Enabled: 1
  m_EditorHideFlags: 0
  m_Script: {fileID: 11500000, guid: 28325ef2ff726dc45827ec73f651798b, type: 3}
  m_Name: 
  m_EditorClassIdentifier: 
--- !u!1001 &2095736323147272364
PrefabInstance:
  m_ObjectHideFlags: 0
  serializedVersion: 2
  m_Modification:
    m_TransformParent: {fileID: 981502806}
    m_Modifications:
    - target: {fileID: 5167528092852995739, guid: 31d24daa6fdb6d946871b10cfc204048,
        type: 3}
      propertyPath: m_Name
      value: MessageCanvas
      objectReference: {fileID: 0}
    - target: {fileID: 5167528092852995738, guid: 31d24daa6fdb6d946871b10cfc204048,
        type: 3}
      propertyPath: m_LocalPosition.x
      value: 0
      objectReference: {fileID: 0}
    - target: {fileID: 5167528092852995738, guid: 31d24daa6fdb6d946871b10cfc204048,
        type: 3}
      propertyPath: m_LocalPosition.y
      value: 0
      objectReference: {fileID: 0}
    - target: {fileID: 5167528092852995738, guid: 31d24daa6fdb6d946871b10cfc204048,
        type: 3}
      propertyPath: m_LocalPosition.z
      value: 0
      objectReference: {fileID: 0}
    - target: {fileID: 5167528092852995738, guid: 31d24daa6fdb6d946871b10cfc204048,
        type: 3}
      propertyPath: m_LocalRotation.x
      value: 0
      objectReference: {fileID: 0}
    - target: {fileID: 5167528092852995738, guid: 31d24daa6fdb6d946871b10cfc204048,
        type: 3}
      propertyPath: m_LocalRotation.y
      value: 0
      objectReference: {fileID: 0}
    - target: {fileID: 5167528092852995738, guid: 31d24daa6fdb6d946871b10cfc204048,
        type: 3}
      propertyPath: m_LocalRotation.z
      value: 0
      objectReference: {fileID: 0}
    - target: {fileID: 5167528092852995738, guid: 31d24daa6fdb6d946871b10cfc204048,
        type: 3}
      propertyPath: m_LocalRotation.w
      value: 1
      objectReference: {fileID: 0}
    - target: {fileID: 5167528092852995738, guid: 31d24daa6fdb6d946871b10cfc204048,
        type: 3}
      propertyPath: m_RootOrder
      value: 2
      objectReference: {fileID: 0}
    - target: {fileID: 5167528092852995738, guid: 31d24daa6fdb6d946871b10cfc204048,
        type: 3}
      propertyPath: m_LocalEulerAnglesHint.x
      value: 0
      objectReference: {fileID: 0}
    - target: {fileID: 5167528092852995738, guid: 31d24daa6fdb6d946871b10cfc204048,
        type: 3}
      propertyPath: m_LocalEulerAnglesHint.y
      value: 0
      objectReference: {fileID: 0}
    - target: {fileID: 5167528092852995738, guid: 31d24daa6fdb6d946871b10cfc204048,
        type: 3}
      propertyPath: m_LocalEulerAnglesHint.z
      value: 0
      objectReference: {fileID: 0}
    - target: {fileID: 5167528092852995738, guid: 31d24daa6fdb6d946871b10cfc204048,
        type: 3}
      propertyPath: m_AnchoredPosition.x
      value: 0
      objectReference: {fileID: 0}
    - target: {fileID: 5167528092852995738, guid: 31d24daa6fdb6d946871b10cfc204048,
        type: 3}
      propertyPath: m_AnchoredPosition.y
      value: 0
      objectReference: {fileID: 0}
    - target: {fileID: 5167528092852995738, guid: 31d24daa6fdb6d946871b10cfc204048,
        type: 3}
      propertyPath: m_SizeDelta.x
      value: 0
      objectReference: {fileID: 0}
    - target: {fileID: 5167528092852995738, guid: 31d24daa6fdb6d946871b10cfc204048,
        type: 3}
      propertyPath: m_SizeDelta.y
      value: 0
      objectReference: {fileID: 0}
    - target: {fileID: 5167528092852995738, guid: 31d24daa6fdb6d946871b10cfc204048,
        type: 3}
      propertyPath: m_AnchorMin.x
      value: 0
      objectReference: {fileID: 0}
    - target: {fileID: 5167528092852995738, guid: 31d24daa6fdb6d946871b10cfc204048,
        type: 3}
      propertyPath: m_AnchorMin.y
      value: 0
      objectReference: {fileID: 0}
    - target: {fileID: 5167528092852995738, guid: 31d24daa6fdb6d946871b10cfc204048,
        type: 3}
      propertyPath: m_AnchorMax.x
      value: 0
      objectReference: {fileID: 0}
    - target: {fileID: 5167528092852995738, guid: 31d24daa6fdb6d946871b10cfc204048,
        type: 3}
      propertyPath: m_AnchorMax.y
      value: 0
      objectReference: {fileID: 0}
    - target: {fileID: 5167528092852995738, guid: 31d24daa6fdb6d946871b10cfc204048,
        type: 3}
      propertyPath: m_Pivot.x
      value: 0
      objectReference: {fileID: 0}
    - target: {fileID: 5167528092852995738, guid: 31d24daa6fdb6d946871b10cfc204048,
        type: 3}
      propertyPath: m_Pivot.y
      value: 0
      objectReference: {fileID: 0}
    m_RemovedComponents: []
  m_SourcePrefab: {fileID: 100100000, guid: 31d24daa6fdb6d946871b10cfc204048, type: 3}
--- !u!1001 &6531119404181850993
PrefabInstance:
  m_ObjectHideFlags: 0
  serializedVersion: 2
  m_Modification:
    m_TransformParent: {fileID: 981502806}
    m_Modifications:
    - target: {fileID: 6531119405060400553, guid: 8dd6469ce411e7f49b3b311083d5c2ea,
        type: 3}
      propertyPath: m_Name
      value: TimeLeftCanvas
      objectReference: {fileID: 0}
    - target: {fileID: 6531119405060400552, guid: 8dd6469ce411e7f49b3b311083d5c2ea,
        type: 3}
      propertyPath: m_LocalPosition.x
      value: 0
      objectReference: {fileID: 0}
    - target: {fileID: 6531119405060400552, guid: 8dd6469ce411e7f49b3b311083d5c2ea,
        type: 3}
      propertyPath: m_LocalPosition.y
      value: 0
      objectReference: {fileID: 0}
    - target: {fileID: 6531119405060400552, guid: 8dd6469ce411e7f49b3b311083d5c2ea,
        type: 3}
      propertyPath: m_LocalPosition.z
      value: 0
      objectReference: {fileID: 0}
    - target: {fileID: 6531119405060400552, guid: 8dd6469ce411e7f49b3b311083d5c2ea,
        type: 3}
      propertyPath: m_LocalRotation.x
      value: 0
      objectReference: {fileID: 0}
    - target: {fileID: 6531119405060400552, guid: 8dd6469ce411e7f49b3b311083d5c2ea,
        type: 3}
      propertyPath: m_LocalRotation.y
      value: 0
      objectReference: {fileID: 0}
    - target: {fileID: 6531119405060400552, guid: 8dd6469ce411e7f49b3b311083d5c2ea,
        type: 3}
      propertyPath: m_LocalRotation.z
      value: 0
      objectReference: {fileID: 0}
    - target: {fileID: 6531119405060400552, guid: 8dd6469ce411e7f49b3b311083d5c2ea,
        type: 3}
      propertyPath: m_LocalRotation.w
      value: 1
      objectReference: {fileID: 0}
    - target: {fileID: 6531119405060400552, guid: 8dd6469ce411e7f49b3b311083d5c2ea,
        type: 3}
      propertyPath: m_RootOrder
      value: 1
      objectReference: {fileID: 0}
    - target: {fileID: 6531119405060400552, guid: 8dd6469ce411e7f49b3b311083d5c2ea,
        type: 3}
      propertyPath: m_LocalEulerAnglesHint.x
      value: 0
      objectReference: {fileID: 0}
    - target: {fileID: 6531119405060400552, guid: 8dd6469ce411e7f49b3b311083d5c2ea,
        type: 3}
      propertyPath: m_LocalEulerAnglesHint.y
      value: 0
      objectReference: {fileID: 0}
    - target: {fileID: 6531119405060400552, guid: 8dd6469ce411e7f49b3b311083d5c2ea,
        type: 3}
      propertyPath: m_LocalEulerAnglesHint.z
      value: 0
      objectReference: {fileID: 0}
    - target: {fileID: 6531119405060400552, guid: 8dd6469ce411e7f49b3b311083d5c2ea,
        type: 3}
      propertyPath: m_AnchoredPosition.x
      value: 0
      objectReference: {fileID: 0}
    - target: {fileID: 6531119405060400552, guid: 8dd6469ce411e7f49b3b311083d5c2ea,
        type: 3}
      propertyPath: m_AnchoredPosition.y
      value: 0
      objectReference: {fileID: 0}
    - target: {fileID: 6531119405060400552, guid: 8dd6469ce411e7f49b3b311083d5c2ea,
        type: 3}
      propertyPath: m_SizeDelta.x
      value: 0
      objectReference: {fileID: 0}
    - target: {fileID: 6531119405060400552, guid: 8dd6469ce411e7f49b3b311083d5c2ea,
        type: 3}
      propertyPath: m_SizeDelta.y
      value: 0
      objectReference: {fileID: 0}
    - target: {fileID: 6531119405060400552, guid: 8dd6469ce411e7f49b3b311083d5c2ea,
        type: 3}
      propertyPath: m_AnchorMin.x
      value: 0
      objectReference: {fileID: 0}
    - target: {fileID: 6531119405060400552, guid: 8dd6469ce411e7f49b3b311083d5c2ea,
        type: 3}
      propertyPath: m_AnchorMin.y
      value: 0
      objectReference: {fileID: 0}
    - target: {fileID: 6531119405060400552, guid: 8dd6469ce411e7f49b3b311083d5c2ea,
        type: 3}
      propertyPath: m_AnchorMax.x
      value: 0
      objectReference: {fileID: 0}
    - target: {fileID: 6531119405060400552, guid: 8dd6469ce411e7f49b3b311083d5c2ea,
        type: 3}
      propertyPath: m_AnchorMax.y
      value: 0
      objectReference: {fileID: 0}
    - target: {fileID: 6531119405060400552, guid: 8dd6469ce411e7f49b3b311083d5c2ea,
        type: 3}
      propertyPath: m_Pivot.x
      value: 0
      objectReference: {fileID: 0}
    - target: {fileID: 6531119405060400552, guid: 8dd6469ce411e7f49b3b311083d5c2ea,
        type: 3}
      propertyPath: m_Pivot.y
      value: 0
      objectReference: {fileID: 0}
    m_RemovedComponents: []
  m_SourcePrefab: {fileID: 100100000, guid: 8dd6469ce411e7f49b3b311083d5c2ea, type: 3}
--- !u!224 &6531119405546952246 stripped
RectTransform:
  m_CorrespondingSourceObject: {fileID: 5167528092852995738, guid: 31d24daa6fdb6d946871b10cfc204048,
    type: 3}
  m_PrefabInstance: {fileID: 2095736323147272364}
  m_PrefabAsset: {fileID: 0}
--- !u!114 &6531119405546952249 stripped
MonoBehaviour:
  m_CorrespondingSourceObject: {fileID: 6531119405546952249, guid: 31d24daa6fdb6d946871b10cfc204048,
    type: 3}
  m_PrefabInstance: {fileID: 2095736323147272364}
  m_PrefabAsset: {fileID: 0}
  m_GameObject: {fileID: 0}
  m_Enabled: 1
  m_EditorHideFlags: 0
  m_Script: {fileID: 11500000, guid: 4f3f8c8373058fe40b66daafcb9275ee, type: 3}
  m_Name: 
  m_EditorClassIdentifier: 
--- !u!1001 &7084487708065344816
PrefabInstance:
  m_ObjectHideFlags: 0
  serializedVersion: 2
  m_Modification:
    m_TransformParent: {fileID: 981502806}
    m_Modifications:
    - target: {fileID: 1380986834258390182, guid: 171479c4659154d49ae9b99769b33d8f,
        type: 3}
      propertyPath: m_Name
      value: GameManagerCanvas
      objectReference: {fileID: 0}
    - target: {fileID: 1167357944037183548, guid: 171479c4659154d49ae9b99769b33d8f,
        type: 3}
      propertyPath: m_LocalPosition.x
      value: 0
      objectReference: {fileID: 0}
    - target: {fileID: 1167357944037183548, guid: 171479c4659154d49ae9b99769b33d8f,
        type: 3}
      propertyPath: m_LocalPosition.y
      value: 0
      objectReference: {fileID: 0}
    - target: {fileID: 1167357944037183548, guid: 171479c4659154d49ae9b99769b33d8f,
        type: 3}
      propertyPath: m_LocalPosition.z
      value: 0
      objectReference: {fileID: 0}
    - target: {fileID: 1167357944037183548, guid: 171479c4659154d49ae9b99769b33d8f,
        type: 3}
      propertyPath: m_LocalRotation.x
      value: 0
      objectReference: {fileID: 0}
    - target: {fileID: 1167357944037183548, guid: 171479c4659154d49ae9b99769b33d8f,
        type: 3}
      propertyPath: m_LocalRotation.y
      value: 0
      objectReference: {fileID: 0}
    - target: {fileID: 1167357944037183548, guid: 171479c4659154d49ae9b99769b33d8f,
        type: 3}
      propertyPath: m_LocalRotation.z
      value: 0
      objectReference: {fileID: 0}
    - target: {fileID: 1167357944037183548, guid: 171479c4659154d49ae9b99769b33d8f,
        type: 3}
      propertyPath: m_LocalRotation.w
      value: 1
      objectReference: {fileID: 0}
    - target: {fileID: 1167357944037183548, guid: 171479c4659154d49ae9b99769b33d8f,
        type: 3}
      propertyPath: m_RootOrder
      value: 3
      objectReference: {fileID: 0}
    - target: {fileID: 1167357944037183548, guid: 171479c4659154d49ae9b99769b33d8f,
        type: 3}
      propertyPath: m_LocalEulerAnglesHint.x
      value: 0
      objectReference: {fileID: 0}
    - target: {fileID: 1167357944037183548, guid: 171479c4659154d49ae9b99769b33d8f,
        type: 3}
      propertyPath: m_LocalEulerAnglesHint.y
      value: 0
      objectReference: {fileID: 0}
    - target: {fileID: 1167357944037183548, guid: 171479c4659154d49ae9b99769b33d8f,
        type: 3}
      propertyPath: m_LocalEulerAnglesHint.z
      value: 0
      objectReference: {fileID: 0}
    - target: {fileID: 1167357944037183548, guid: 171479c4659154d49ae9b99769b33d8f,
        type: 3}
      propertyPath: m_AnchoredPosition.x
      value: 0
      objectReference: {fileID: 0}
    - target: {fileID: 1167357944037183548, guid: 171479c4659154d49ae9b99769b33d8f,
        type: 3}
      propertyPath: m_AnchoredPosition.y
      value: 0
      objectReference: {fileID: 0}
    - target: {fileID: 1167357944037183548, guid: 171479c4659154d49ae9b99769b33d8f,
        type: 3}
      propertyPath: m_SizeDelta.x
      value: 0
      objectReference: {fileID: 0}
    - target: {fileID: 1167357944037183548, guid: 171479c4659154d49ae9b99769b33d8f,
        type: 3}
      propertyPath: m_SizeDelta.y
      value: 0
      objectReference: {fileID: 0}
    - target: {fileID: 1167357944037183548, guid: 171479c4659154d49ae9b99769b33d8f,
        type: 3}
      propertyPath: m_AnchorMin.x
      value: 0
      objectReference: {fileID: 0}
    - target: {fileID: 1167357944037183548, guid: 171479c4659154d49ae9b99769b33d8f,
        type: 3}
      propertyPath: m_AnchorMin.y
      value: 0
      objectReference: {fileID: 0}
    - target: {fileID: 1167357944037183548, guid: 171479c4659154d49ae9b99769b33d8f,
        type: 3}
      propertyPath: m_AnchorMax.x
      value: 0
      objectReference: {fileID: 0}
    - target: {fileID: 1167357944037183548, guid: 171479c4659154d49ae9b99769b33d8f,
        type: 3}
      propertyPath: m_AnchorMax.y
      value: 0
      objectReference: {fileID: 0}
    - target: {fileID: 1167357944037183548, guid: 171479c4659154d49ae9b99769b33d8f,
        type: 3}
      propertyPath: m_Pivot.x
      value: 0
      objectReference: {fileID: 0}
    - target: {fileID: 1167357944037183548, guid: 171479c4659154d49ae9b99769b33d8f,
        type: 3}
      propertyPath: m_Pivot.y
      value: 0
      objectReference: {fileID: 0}
    m_RemovedComponents: []
  m_SourcePrefab: {fileID: 100100000, guid: 171479c4659154d49ae9b99769b33d8f, type: 3}
--- !u!114 &7084487708065344817 stripped
MonoBehaviour:
  m_CorrespondingSourceObject: {fileID: 4319611388267426284, guid: 171479c4659154d49ae9b99769b33d8f,
    type: 3}
  m_PrefabInstance: {fileID: 7084487708065344816}
  m_PrefabAsset: {fileID: 0}
  m_GameObject: {fileID: 0}
  m_Enabled: 1
  m_EditorHideFlags: 0
  m_Script: {fileID: 11500000, guid: e35290e8ca8d33545ad0ace40c40f86c, type: 3}
  m_Name: 
  m_EditorClassIdentifier: 
